<record><leader>00000cas a22000007a 4500</leader><controlfield tag="001">10278345</controlfield><controlfield tag="008">840109d18521954txuwr ne      0   b0ger d</controlfield><datafield ind1=" " ind2=" " tag="010"><subfield code="a">sn 84022078 </subfield></datafield><datafield ind1=" " ind2=" " tag="040"><subfield code="a">NPX</subfield><subfield code="b">eng</subfield><subfield code="c">NPX</subfield><subfield code="d">PPM</subfield><subfield code="d">MQN</subfield><subfield code="d">PPM</subfield><subfield code="d">OCL</subfield><subfield code="d">OCLCQ</subfield><subfield code="d">OCLCF</subfield><subfield code="d">OCLCO</subfield></datafield><datafield ind1="0" ind2=" " tag="041"><subfield code="a">gereng</subfield></datafield><datafield ind1=" " ind2=" " tag="042"><subfield code="a">msc</subfield></datafield><datafield ind1=" " ind2=" " tag="043"><subfield code="a">n-us-tx</subfield></datafield><datafield ind1=" " ind2="4" tag="050"><subfield code="a">F394.N45</subfield><subfield code="b">A1</subfield></datafield><datafield ind1="0" ind2=" " tag="130"><subfield code="a">Neu-Braunfelser zeitung (New Braunfels, Tex. : 1852)</subfield></datafield><datafield ind1="1" ind2="0" tag="245"><subfield code="a">Neu-Braunfelser zeitung.</subfield></datafield><datafield ind1="1" ind2="7" tag="246"><subfield code="a">New Braunfels zeitung-chronicle</subfield></datafield><datafield ind1=" " ind2=" " tag="260"><subfield code="a">New Braunfels, Tex. :</subfield><subfield code="b">Ferdinand Lindheimer,</subfield><subfield code="c">1852-1954.</subfield></datafield><datafield ind1=" " ind2=" " tag="300"><subfield code="a">104 v. ;</subfield><subfield code="c">30-60 cm.</subfield></datafield><datafield ind1=" " ind2=" " tag="310"><subfield code="a">Weekly</subfield></datafield><datafield ind1="0" ind2=" " tag="362"><subfield code="a">Jahrg. 1, nr. 1 (Nov. 12, 1852)-v. 104, no. 43 (June 17, 1954).</subfield></datafield><datafield ind1=" " ind2=" " tag="500"><subfield code="a">Democratic. Cf. Arndt &amp; Olson. German-Amer. newspapers and periodicals.</subfield></datafield><datafield ind1=" " ind2=" " tag="546"><subfield code="a">In German; with increasing English content.</subfield></datafield><datafield ind1=" " ind2="0" tag="650"><subfield code="a">Germans</subfield><subfield code="z">Texas</subfield><subfield code="z">New Braunfels</subfield><subfield code="v">Newspapers.</subfield></datafield><datafield ind1=" " ind2="7" tag="655"><subfield code="a">Newspapers.</subfield><subfield code="2">fast</subfield><subfield code="0">(OCoLC)fst01423814</subfield></datafield><datafield ind1=" " ind2="7" tag="650"><subfield code="a">Germans.</subfield><subfield code="2">fast</subfield><subfield code="0">(OCoLC)fst00942100</subfield></datafield><datafield ind1=" " ind2="7" tag="651"><subfield code="a">Texas</subfield><subfield code="z">New Braunfels.</subfield><subfield code="2">fast</subfield><subfield code="0">(OCoLC)fst01224906</subfield></datafield><datafield ind1=" " ind2=" " tag="752"><subfield code="a">United States</subfield><subfield code="b">Texas</subfield><subfield code="c">Comal</subfield><subfield code="d">New Braunfels.</subfield></datafield><datafield ind1="0" ind2="7" tag="785"><subfield code="t">Comal County chronicle</subfield></datafield><datafield ind1="0" ind2="7" tag="785"><subfield code="t">New Braunfels zeitung-chronicle</subfield><subfield code="w">(DLC)sn 86089264</subfield></datafield></record>